<record><leader>00000cas a22000007a 4500</leader><controlfield tag="001">14088698</controlfield><controlfield tag="008">860814c19699999paudn ne      0   a0eng c</controlfield><datafield ind1=" " ind2=" " tag="010"><subfield code="a">sn 86081737 </subfield></datafield><datafield ind1=" " ind2=" " tag="040"><subfield code="a">NPH</subfield><subfield code="b">eng</subfield><subfield code="c">NPH</subfield><subfield code="d">CUS</subfield><subfield code="d">DLC</subfield><subfield code="d">OCLCQ</subfield><subfield code="d">OCLCF</subfield><subfield code="d">OCLCO</subfield></datafield><datafield ind1=" " ind2=" " tag="012"><subfield code="l">1</subfield></datafield><datafield ind1="0" ind2=" " tag="022"><subfield code="a">2158-9410</subfield><subfield code="2">1</subfield></datafield><datafield ind1="1" ind2=" " tag="029"><subfield code="a">AU@</subfield><subfield code="b">000042108029</subfield></datafield><datafield ind1=" " ind2=" " tag="037"><subfield code="b">Times-Shamrock Communication, 707 N. Rock St., Shamokin, PA 17872</subfield></datafield><datafield ind1=" " ind2=" " tag="042"><subfield code="a">msc</subfield><subfield code="a">nsdp</subfield></datafield><datafield ind1=" " ind2=" " tag="043"><subfield code="a">n-us-pa</subfield></datafield><datafield ind1="1" ind2="0" tag="050"><subfield code="a">ISSN RECORD</subfield></datafield><datafield ind1="1" ind2="0" tag="082"><subfield code="a">070</subfield><subfield code="2">14</subfield></datafield><datafield ind1="0" ind2=" " tag="130"><subfield code="a">News-item (Combined ed.)</subfield></datafield><datafield ind1=" " ind2="4" tag="222"><subfield code="a">The news-item</subfield><subfield code="b">(Shamokin, Pa. Print)</subfield></datafield><datafield ind1="1" ind2="4" tag="245"><subfield code="a">The news-item.</subfield></datafield><datafield ind1=" " ind2=" " tag="250"><subfield code="a">[Combined ed.].</subfield></datafield><datafield ind1=" " ind2=" " tag="260"><subfield code="3">1969- &lt;2010&gt; :</subfield><subfield code="a">Shamokin, Pa. :</subfield><subfield code="b">News Pub. and Print. Co.,</subfield><subfield code="c">1969-</subfield></datafield><datafield ind1="3" ind2=" " tag="260"><subfield code="3">&lt;2010-&gt; :</subfield><subfield code="a">Shamokin, PA :</subfield><subfield code="b">[Times Shamrock Communication]</subfield></datafield><datafield ind1=" " ind2=" " tag="310"><subfield code="a">Daily (except Sunday)</subfield></datafield><datafield ind1="0" ind2=" " tag="362"><subfield code="a">Vol. 1, no. 283 (Sept. 2, 1969)-</subfield></datafield><datafield ind1=" " ind2=" " tag="588"><subfield code="a">Latest issue consulted: Vol. 43, no. 38 (Nov. 8, 2010) (surrogate).</subfield></datafield><datafield ind1=" " ind2="0" tag="651"><subfield code="a">Northumberland County (Pa.)</subfield><subfield code="v">Newspapers.</subfield></datafield><datafield ind1=" " ind2="7" tag="655"><subfield code="a">Newspapers.</subfield><subfield code="2">fast</subfield><subfield code="0">(OCoLC)fst01423814</subfield></datafield><datafield ind1=" " ind2="7" tag="651"><subfield code="a">Pennsylvania</subfield><subfield code="z">Northumberland County.</subfield><subfield code="2">fast</subfield><subfield code="0">(OCoLC)fst01208235</subfield></datafield><datafield ind1=" " ind2=" " tag="752"><subfield code="a">United States</subfield><subfield code="b">Pennsylvania</subfield><subfield code="c">Northumberland</subfield><subfield code="d">Shamokin.</subfield></datafield><datafield ind1="0" ind2=" " tag="775"><subfield code="t">Newsitem.com</subfield><subfield code="x">2158-9542</subfield><subfield code="w">(DLC)  2010203680</subfield><subfield code="w">(OCoLC)690698859</subfield></datafield><datafield ind1="0" ind2="4" tag="780"><subfield code="t">News-item (Shamokin area ed.)</subfield><subfield code="w">(DLC)sn 86081740</subfield></datafield><datafield ind1="0" ind2="4" tag="780"><subfield code="t">News-item (Mount Carmel area ed.)</subfield><subfield code="w">(DLC)sn 86081739</subfield></datafield><datafield ind1="4" ind2="2" tag="856"><subfield code="u">http://newsitem.com/</subfield></datafield></record>